<record><leader>00000cas a22000001a 4500</leader><controlfield tag="001">32235427</controlfield><controlfield tag="007">hd afb018baca</controlfield><controlfield tag="007">hd bfb018baaa</controlfield><controlfield tag="008">950331d18861921nyudn nea     0    0cze d</controlfield><datafield ind1=" " ind2=" " tag="010"><subfield code="a">sn 94082841 </subfield></datafield><datafield ind1=" " ind2=" " tag="040"><subfield code="a">NN</subfield><subfield code="b">eng</subfield><subfield code="c">RQM</subfield><subfield code="d">OCLCQ</subfield><subfield code="d">OCLCF</subfield><subfield code="d">OCLCO</subfield></datafield><datafield ind1=" " ind2=" " tag="012"><subfield code="i">9501</subfield></datafield><datafield ind1="1" ind2=" " tag="029"><subfield code="a">AU@</subfield><subfield code="b">000024761667</subfield></datafield><datafield ind1=" " ind2=" " tag="042"><subfield code="a">msc</subfield></datafield><datafield ind1=" " ind2=" " tag="043"><subfield code="a">n-us---</subfield><subfield code="a">n-us-ny</subfield></datafield><datafield ind1="0" ind2="0" tag="245"><subfield code="a">Hlas lidu</subfield><subfield code="h">[microform].</subfield></datafield><datafield ind1="3" ind2="1" tag="246"><subfield code="a">Bohemian daily morning paper</subfield></datafield><datafield ind1="3" ind2="0" tag="246"><subfield code="a">Nedel&#774;ni&#769; hlas lidu</subfield></datafield><datafield ind1=" " ind2=" " tag="260"><subfield code="a">New York [N.Y.] :</subfield><subfield code="b">Workingmen's Pub. Association</subfield></datafield><datafield ind1=" " ind2=" " tag="300"><subfield code="a">v. ;</subfield><subfield code="c">62 cm.</subfield></datafield><datafield ind1=" " ind2=" " tag="310"><subfield code="a">Daily (except Sun.),</subfield><subfield code="b">&lt;1911-&gt;</subfield></datafield><datafield ind1=" " ind2=" " tag="321"><subfield code="a">Daily,</subfield><subfield code="b">&lt;1905-&gt;</subfield></datafield><datafield ind1="1" ind2=" " tag="362"><subfield code="a">Began in 1886; ceased in 1921?</subfield></datafield><datafield ind1=" " ind2=" " tag="500"><subfield code="a">&quot;Ve&#780;nova&#769;n zajmu&#778;m pracuji&#769;ci&#769;ho lidu.&quot;</subfield></datafield><datafield ind1=" " ind2=" " tag="500"><subfield code="a">On Sunday published as: Nede&#774;lni&#769; hlas lidu, Jan. 5, 1905-Dec. 30, 1905.</subfield></datafield><datafield ind1=" " ind2=" " tag="546"><subfield code="a">In Czech.</subfield></datafield><datafield ind1=" " ind2=" " tag="550"><subfield code="a">Published by Bohemian Workingmen Co-operative Association &lt;1911&gt;.</subfield></datafield><datafield ind1=" " ind2=" " tag="580"><subfield code="a">Weekly ed.: Ty&#769;dni&#769; list hlas lidu.</subfield></datafield><datafield ind1=" " ind2=" " tag="588"><subfield code="a">Description based on: Roc&#780;. 19, c&#780;is. 185 (1. u&#769;n. 1905).</subfield></datafield><datafield ind1=" " ind2=" " tag="533"><subfield code="a">Microfilm.</subfield><subfield code="m">roc&#780;.19,c&#780;i&#769;s. 184-roc&#780;.20,c&#780;i&#769;s. 156 (u&#769;n. 1-pros. 30,1905):[Gaps]</subfield><subfield code="b">New York :</subfield><subfield code="c">New York Public Library,</subfield><subfield code="d">1983.</subfield><subfield code="e">3 microfilm reels ; 35 mm.</subfield></datafield><datafield ind1=" " ind2="0" tag="650"><subfield code="a">Czechs</subfield><subfield code="z">United States</subfield><subfield code="v">Newspapers.</subfield></datafield><datafield ind1=" " ind2="0" tag="650"><subfield code="a">Czech Americans</subfield><subfield code="v">Newspapers.</subfield></datafield><datafield ind1=" " ind2="0" tag="651"><subfield code="a">New York (N.Y.)</subfield><subfield code="v">Newspapers.</subfield></datafield><datafield ind1=" " ind2="7" tag="655"><subfield code="a">Newspapers.</subfield><subfield code="2">fast</subfield><subfield code="0">(OCoLC)fst01423814</subfield></datafield><datafield ind1=" " ind2="7" tag="650"><subfield code="a">Czech Americans.</subfield><subfield code="2">fast</subfield><subfield code="0">(OCoLC)fst00886333</subfield></datafield><datafield ind1=" " ind2="7" tag="650"><subfield code="a">Czechs.</subfield><subfield code="2">fast</subfield><subfield code="0">(OCoLC)fst00886455</subfield></datafield><datafield ind1=" " ind2="7" tag="651"><subfield code="a">New York (State)</subfield><subfield code="z">New York.</subfield><subfield code="2">fast</subfield><subfield code="0">(OCoLC)fst01204333</subfield></datafield><datafield ind1=" " ind2="7" tag="651"><subfield code="a">United States.</subfield><subfield code="2">fast</subfield><subfield code="0">(OCoLC)fst01204155</subfield></datafield><datafield ind1="2" ind2=" " tag="710"><subfield code="a">Bohemian Workingmen Co-operative Association.</subfield></datafield><datafield ind1=" " ind2=" " tag="752"><subfield code="a">United States</subfield><subfield code="b">New York</subfield><subfield code="c">New York</subfield><subfield code="d">New York.</subfield></datafield><datafield ind1="1" ind2=" " tag="775"><subfield code="t">Ty&#769;dni&#769; list hlas lidu</subfield><subfield code="w">(DLC)sn 90065078</subfield></datafield><datafield ind1="1" ind2=" " tag="776"><subfield code="c">Original</subfield><subfield code="w">(DLC)sn 83030302</subfield></datafield><datafield ind1=" " ind2=" " tag="850"><subfield code="a">NN</subfield><subfield code="a">NN (master)</subfield></datafield></record>